@TechReport{Alexander:11:DLD,
  author      = "Keith Alexander and Richard Cyganiak and Michael Hausenblas and Jun Zhao",
  title       = "Describing Linked Datasets with the {VoID} Vocabulary",
  month       = mar,
  year        = "2011",
  bibsource   = "http://w2.syronex.com/jmr/w3c-biblio",
  type        = "{W3C} Note",
  institution = "W3C",
}
@comment{note        = "http://www.w3.org/TR/2011/NOTE-void-20110303/",}

@inproceedings{conf/semweb/DimouSCMW13,
  author = {Dimou, Anastasia and Sande, Miel Vander and Colpaert, Pieter and Mannens, Erik and de Walle, Rik Van},
  booktitle = {International Semantic Web Conference (Posters and Demos)},
  pages = {237-240},
  publisher = {CEUR-WS.org},
  series = {CEUR Workshop Proceedings},
  title = {Extending R2RML to a Source-independent Mapping Language for RDF.},
  volume = 1035,
  year = 2013
}

@article{Doerr:2003:CCR:958671.958678,
 author = {Doerr, Martin},
 title = {The CIDOC Conceptual Reference Module: An Ontological Approach to Semantic Interoperability of Metadata},
 journal = {AI Mag.},
 issue_date = {September 2003},
 volume = {24},
 number = {3},
 month = sep,
 year = {2003},
 issn = {0738-4602},
 pages = {75--92},
 numpages = {18},
 url = {http://dl.acm.org/citation.cfm?id=958671.958678},
 acmid = {958678},
 publisher = {American Association for Artificial Intelligence},
 address = {Menlo Park, CA, USA},
} 

@inproceedings{ knoblock12:eswc,
  urlpresentation = {http://www.isi.edu/integration/slides/knoblock12-eswc-slides.pdf},
  title = {Semi-Automatically Mapping Structured Sources into the Semantic Web},
  booktitle = {Proceedings of the Extended Semantic Web Conference},
  author = {Craig A. Knoblock and Pedro Szekely and Jose Luis Ambite and Shubham Gupta and Aman Goel and Maria Muslea and Kristina Lerman and Mohsen Taheriyan and Parag Mallick},
  year = {2012},
  address = {Crete, Greece},
  keywords = {"Source Modeling"},
  urlpaper = {http://www.isi.edu/integration/papers/knoblock12-eswc.pdf},
  urlyoutube = {http://www.youtube.com/watch?v=kUIqTI56oeQ&feature=share&list=PLdD4tO6i0DwMXmBhOwlt7zEZKoOWrWpOA]}
}

@inproceedings{ngomo2011limes,
  title={LIMES: a time-efficient approach for large-scale link discovery on the web of data},
  author={Ngomo, Axel-Cyrille Ngonga and Auer, S{\"o}ren},
  booktitle={Proceedings of the Twenty-Second international joint conference on Artificial Intelligence},
  pages={2312--2317},
  year={2011},
  organization={AAAI Press}
}

@article{ives2008orchestra,
  title={The ORCHESTRA collaborative data sharing system},
  author={Ives, Zachary G and Green, Todd J and Karvounarakis, Grigoris and Taylor, Nicholas E and Tannen, Val and Talukdar, Partha P and Jacob, Marie and Pereira, Fernando},
  journal={ACM SIGMOD Record},
  volume={37},
  number={3},
  pages={26--32},
  year={2008},
  publisher={ACM}
}
@inproceedings{pedrinaci2010iserve,
  title={iServe: a linked services publishing platform},
  author={Pedrinaci, Carlos and Liu, Dong and Maleshkova, Maria and Lambert, David and Kopecky, Jacek and Domingue, John},
  booktitle={CEUR workshop proceedings},
  volume={596},
  year={2010}
}

@TechReport{Sundara:12:RRR,
  author      = "Seema Sundara and Richard Cyganiak and Souripriya Das",
  title       = "{R2RML}: {RDB} to {RDF} Mapping Language",
  month       = sep,
  year        = "2012",
  bibsource   = "http://w2.syronex.com/jmr/w3c-biblio",
  type        = "{W3C} Recommendation",
  institution = "W3C",
}
@comment{ note        = "http://www.w3.org/TR/2012/REC-r2rml-20120927/",}

@inproceedings{ Szekely:2013vq,
  title = {{Connecting the Smithsonian American Art Museum to the Linked Data Cloud}},
  booktitle = {Proceedings of the 10th ESWC},
  uri = {̆rl{papers2://publication/uuid/B9751C9E-0A53-4B2E-93C4-7524C7351942}},
  year = {2013},
  author = {Pedro Szekely and Craig A. Knoblock and Fengyu Yang and Xuming Zhu and Eleanor Fink and Rachel Allen and Georgina Goodlander},
  rating = {0},
  date-added = {2013-03-17T04:37:12GMT},
  date-modified = {2013-05-04T01:24:47GMT},
  uri = {̆rl{papers2://publication/uuid/B9751C9E-0A53-4B2E-93C4-7524C7351942}},
  urlpaper = {http://www.isi.edu/~szekely/contents/papers/2013/eswc-2013-saam.pdf},
  urlslideshare = {http://slidesha.re/18vxMnn},
  urlyoutube = {http://www.youtube.com/watch?v=1Vaytr09H1w&feature=share&list=PLdD4tO6i0DwMXmBhOwlt7zEZKoOWrWpOA}
}

@inproceedings{ taheriyan12:lapis,
  keywords = {"Source modeling"},
  booktitle = {Proceedings of the ESWC 2012 Workshop on Linked APIs},
  title = {Semi-Automatically Modeling Web APIs to Create Linked APIs},
  year = {2012},
  author = {Mohsen Taheriyan and Craig A. Knoblock and Pedro Szekely and Jose Luis Ambite},
  urlpresentation = {http://prezi.com/pu5smfc7iexa/giscience-2012-generating-named-road-vector-data-from-raster-maps/},
  urlpaper = {http://www.isi.edu/integration/papers/knoblock12-eswc.pdf}
}

